@article{noviantoro2022rancangan,
  title={Rancangan Dan Implementasi Aplikasi Sewa Lapangan Badminton Wilayah Depok Berbasis Web},
  author={Noviantoro, Agung and Silviana, Amelia Belinda and Fitriani, Risma Rahmalia and Permatasari, Hanum Putri},
  journal={Jurnal Teknik Dan Science},
  volume={1},
  number={2},
  pages={88--103},
  year={2022}
}
