@article{kumalasari2023pelatihan,
  title={PELATIHAN DAN PEMBUATAN WEBSITE MENGGUNAKAN HTML DAN CSS},
  author={Kumalasari, Intan and Saputra, Arif Azani and Pakpahan, Abram George Stephen and Kurtubi, Ahmad and Amiruddin, Abdullah and Fridaniarta, Bagas and Wicaksono, Erdo Yusuf and Saputra, Hasbi and Putra, Muhammad Yudha Arsya and Azahra, Rahma Yuni},
  journal={Beujroh: Jurnal Pemberdayaan dan Pengabdian pada Masyarakat},
  volume={1},
  number={1},
  pages={119--125},
  year={2023}
}
