@article{kadir2013pengolahan,
  title={Pengolahan Citra Digital Dan Aplikasinya},
  author={Kadir, Abdul and Susanto, Adhi},
  journal={ANDI OFFSET. Yogyakarta},
  year={2013}
}

@article{hidayat2020perbandingan,
  title={Perbandingan Metode Canny, Prewitt, dan Sobel Pada Image Jenis-Jenis Alga Untuk Mendeteksi Tepi Citra},
  author={Hidayat, Ari},
  journal={JURIKOM (Jurnal Riset Komputer)},
  volume={7},
  number={4},
  pages={477--481},
  year={2020}
}

@article{yunus2012perbandingan,
  title={Perbandingan metode-metode edge detection untuk proses segmentasi citra digital},
  author={Yunus, Mahmud},
  journal={Jurnal Teknologi Informasi: Teori, Konsep, dan Implementasi},
  volume={3},
  number={2},
  pages={146--160},
  year={2012}
}

@article{mulyanto2009teori,
  title={Teori pengolahan citra digital},
  author={Mulyanto, ST and Kom, M and Sutoyo, ST},
  journal={Yogyakarta: Andi},
  year={2009}
}

@article{khotijah2016perancangan,
  title={Perancangan Database E-Learning Manajemen System untuk Pembelajaran pada Sekolah Menengah Pertama},
  author={Khotijah, Siti},
  journal={STRING (Satuan Tulisan Riset Dan Inovasi Teknologi)},
  volume={1},
  number={1},
  year={2016}
}

@article{IPI1759345,
title = "Pengolahan Citra Digital Deteksi Tepi Untuk Membandingkan Metode Sobel, Robert dan Canny",
journal = "Lembaga Penelitian dan Pengabdian kepada Masyarakat Universitas Udayana",
volume = "Vol. 2, No. 2, Agustus 2014",
pages = "",
year = "2014",
url = https://ojs.unud.ac.id/index.php/merpati/article/view/17893/11623,
author = "Ni Kadek Ayu Wirdiani; Putu Teguh Krisna Putra",
abstract = "Pengolahan citra digital merupakan teknologi yang dapat dimanfaatkan dalam meningkatkan kualitas citra dan proses identifikasi citra untuk memperkaya informasi yang bersumber pada citra tersebut. Penulisan ini bertujuan untuk membandingkan metode deteksi tepi pada pengolahan citra digital. Deteksi tepi merupakan sebuah proses di mana proses tersebut berfungsi untukmendeteksi garis tepi yang membatasi dua wilayah citra. Deteksi tepiitu sendiri bertujuan untuk menandai bagian yang menjadi detail citra, dan memperbaikiserta mengubah citra. Penulisan ini membahas tentang perbandingan hasil deteksi tepi dengan metode Canny, Sobel dan Robert dengan menggunakan aplikasi Delphi 7. Perangkat lunak yang digunakan adalah Borland Delphi 7Enterprise sebagai bahasa pemrogramannya. Hasil dari perbandingan ketiga metode tersebut adalah metode Canny lebih baik dalam melakukan pengolahan kualitas citra untuk penghitungan deteksi tepi karena output dari metode Canny memiliki batas dan tepi yang lebih jelas.Â Kata Kunci: Pengolahan Citra, Deteksi Tepi, Canny, Sobel, Robert, Delphi 7",
}
@article{hayadi2017visualisasi,
  title={Visualisasi Konsep Umum Sistem Pakar Berbasis Multimedia},
  author={Hayadi, B Herawan},
  journal={RJOCS (Riau Journal of Computer Science)},
  volume={3},
  number={1},
  pages={17--22},
  year={2017}
}

@article{munantri2020aplikasi,
  title={Aplikasi Pengolahan Citra Digital Untuk Identifikasi Umur Pohon},
  author={Munantri, Nadzir Zaid and Sofyan, Herry and Florestiyanto, Mangaras Yanu},
  journal={Telematika: Jurnal Informatika dan Teknologi Informasi},
  volume={16},
  number={2},
  pages={97--104},
  year={2020}
}

@book{arsyad2015media,
  author = {Arsyad, Azhar and Rahman, Asfah},
  year = {2015},
  title = {Media Pembelajaran},
  editor = {Rahman, Asfah},
  publisher = {Raja Grafindo Persada},
  address = {Jakarta}
}

@article{nurrita2018pengembangan,
  title={Pengembangan media pembelajaran untuk meningkatkan hasil belajar siswa},
  author={Nurrita, Teni},
  journal={Jurnal misykat},
  volume={3},
  number={1},
  pages={171--187},
  year={2018}
}

@article{suryadibrata2020visualisasi,
    title = {Visualisasi Algoritma sebagai Sarana Pembelajaran K-Means Clustering},
    author = {Suryadibrata, Alethea and Young, Julio Christian},
    journal = {Ultimatics: Jurnal Teknik Informatika},
    volume = {12},
    number = {1},
    pages = {25--29},
    year = {2020}
}

@inproceedings{zarkasyi2015pengembangan,
  title={Pengembangan Media Pembelajaran dengan GeoGebra untuk Visualisasi Penggunaan Integral pada Siswa SMA},
  author={Zarkasyi, Chairun Nisa},
  booktitle={Seminar Nasional Matematika dan Pendidikan Matematika UNY},
  pages={283--290},
  year={2015}
}

@article{maulana2021penerapan,
  title={Penerapan Multimedia Development Life Cycle dalam Pengembangan Media Visualisasi Pembelajaran Interaktif},
  author={Maulana, Agung and Kusdinar, Asep Budiman and Sunarto, Asril Adi},
  journal={Jutisi: Jurnal Ilmiah Teknik Informatika dan Sistem Informasi},
  volume={9},
  number={3},
  pages={25--32},
  year={2021}
}

@BOOK{book:darma,
    AUTHOR  = "Darma Putra",
    TITLE = "Pengolahan Citra Digital",
    PUBLISHER = "Penerbit Andi",
    YEAR = "2010",
    ADDRESS = "Jl. Beo 38-40, Yogyakarta 55281",
    NOTE = "ISBN-13: 978-979-29-1443-6"
}

@BOOK{book:gonzalez,
    author = "Rafael C. Gonzalez and Richard E. Woods",
    title = "Digital Image Processing",
    year = "2001",
    publisher = "Prentice Hall",
    address = "Upper Saddle River, New Jersey 07458",
    edition = "2nd",
    note = "ISBN-13: 978-0201180756"
}

@BOOK{book:munir,
    author = "Munir Rinaldi",
    title = "Pengolahan Citra Digital dengan Pendekatan Algoritmik",
    year = "2004",
    publisher = "Penerbit Informatika",
    address = "Bandung",
    edition = "",
    note = "ISBN: 979-3338296"
}

@BOOK{book:sutoyo,
    author  = "T. Sutoyo and Edy Mulyanto and Vincent Suhartono and Oky Dwi Nurhayati and Wijanarto",
    title = "Teori Pengolahan Citra Digital",
    publisher = "Penerbit Andi",
    year = "2009",
    address = "Jl. Beo 38-40, Yogyakarta 55281",
    note = "ISBN-13: 978-979-29-0974-6"
}

@BOOK{book:os,
    author  = "Avi Silbershatz and Peter Baer Galvin and Greg Gagne",
    title = "Operationg System Concepts",
    publisher = "John Wiley and Sons, Inc",
    year = "2009",
    note = "ISBN: 978-0-470-12872-5"
}

@INCOLLECTION{book:dasilva,
    title = "4 - Digital Image Processing",
    editor = "Wai-Kai Chen",
    booktitle = "The Electrical Engineering Handbook",
    publisher = "Academic Press",
    address = "Burlington",
    pages = "891 - 910",
    year = "2005",
    isbn = "978-0-12-170960-0",
    doi = "https://doi.org/10.1016/B978-012170960-0/50064-5",
    author = "Eduardo A.B. da Silva and Gelson V. Mendonca"
}

@MASTERSTHESIS{thesis:jin,
    author={Jin Zhao},
    title={Video/Image Processing on FPGA},
    school={Worcester Polytechnic Institute},
    type={Master thesis},
    year={2015},
    month={4}
}

@MISC{manual:linux,
    AUTHOR = {Michael Kerrisk},
    TITLE = {{(Top)} Linux Manual Page},
    HOWPUBLISHED = {\url{https://www.man7.org/linux/man-pages/man1/top.1.html}},
    YEAR = {2020},
    NOTE = "Accessed on 2021-02-2",
}

@MISC{site:ltdp,
    HOWPUBLISHED = "\url{https://tldp.org/LDP/sag/html/vm-intro.html}",
    AUTHOR = "Lars S and Joanna Oja and Stephen Stafford and Alex Weeks",
    TITLE = "The Linux System Adminstrator's Guide Chapter 6. Memory Management",
	YEAR = "2020",
	NOTE = "Accessed on 2021-02-22"
}

@MISC{XILINX,
    HOWPUBLISHED = "\url{https://www.xilinx.com/products/silicon-devices/fpga/what-is-an-fpga.html}",
    AUTHOR = "Xilinx",
    TITLE = "Field Programmable Gate Array (FPGA)",
	YEAR = "2020",
	NOTE = "Accessed on 2020-04-17"
}

@MISC{pdf:cheung,
    HOWPUBLISHED = "\url{http://www.ee.ic.ac.uk/pcheung/teaching/ee2_digital/Lecture 2 - Introduction to FPGAs.pdf}",
    AUTHOR = "Peter Cheung",
    TITLE = "Introduction to FPGAs",
	YEAR = "2019",
	NOTE = "Accessed on 2020-04-19"
}

@MISC{site:biswas,
    HOWPUBLISHED = "\url{https://towardsdatascience.com/introduction-to-fpga-and-its-architecture-20a62c14421c}",
    AUTHOR = "Priyabrata Biswas",
    TITLE = "Introduction to FPGA and its Architecture",
	YEAR = "2019",
	NOTE = "Accessed on 2020-06-18"
}

@ARTICLE{desi_herawati,
    AUTHOR = "Desi Herawti and Aqwam Rosadi Kardian",
    TITLE = "Analisis Deteksi Tepi Pada Citra Digital Berbasis JPG Dengan Operator Canny Menggunakan Matrix Laboratory",
    JOURNAL = "Jurnal Ilmiah Komputasi",
    VOLUME = "17",
    NUMBER = "3",
    YEAR = "2018",
    MONTH = "September",
    NOTE = "p-ISSN 1412-9434/e-ISSN 2549-7227",
}

@ARTICLE{rashmi,
    AUTHOR = "Rashmi, Mukesh Kumar, Rohini Saxena",
    TITLE = "Algorithm And Technique On Various Edge Detection \: A Survey",
    JOURNAL = "Signal \& Image Processing \: An International Journal (SIPIJ)",
    VOLUME = "4",
    NUMBER = "3",
    YEAR = "2013",
    MONTH = "June",
}

@ARTICLE{sofia,
    AUTHOR = "Sofia Nayak, Shashank Pujari, Pramod Dash",
    TITLE = "Implementation of Edge Detection using FPGA \& Model Based Approach",
    JOURNAL = "ICICES2014 - S.A.Engineering College, Chennai, Tamil Nadu, India",
    YEAR = "2014",
    MONTH = "February",
    DOI = "10.1109/ICICES.2014.7033990"
}

@ARTICLE{soa:alex-raj,
    AUTHOR = "S.M. Alex Raj and Rita Maria Abraham and M.H. Supriya",
    TITLE = "Spatial Filtering Based Boundary Extraction in Underwater Images for Pipeline Detection: FPGA Implementation",
    JOURNAL = "International Journal of Computer Science and Information Security (IJCSIS)",
    YEAR = "2016",
    MONTH = "9",
    NOTE = "Vol. 14, No. 9"
}

@ARTICLE{soa:sushant,
    AUTHOR = "Sushant Sadangi and Satyakam Baraha and Darshan Kumar Satpathy and Pradyut Kumar Biswal",
    TITLE = "FPGA Implementation of Spatial Filtering techniques for 2D Images",
    JOURNAL = "IEEE International Conference On Recent Trends in Electronics Information \& Communication Technology (RTEICT)",
    YEAR = "2017",
    MONTH = "5",
    NOTE = ""
}

@ARTICLE{soa:dmitry,
    AUTHOR = "Dmitry I. Ustyukov and Alex I. Efimov and Dmitry A. Kolchaev",
    TITLE = "Features of Image Spatial Filters Implementation on FPGA",
    JOURNAL = "Mediterranean Conference On Embedded Computing (Meco)",
    YEAR = "2019",
    MONTH = "6",
    NOTE = ""
}

@ARTICLE{soa:castellano,
    AUTHOR = "G. Castellano and D. De Caro and D. Esposito and P. Bifulco and E. Napoli and N. Petra and E. Andreozzi and M. Cesarelli and A. G. M. Strollo",
    TITLE = "An FPGA-Oriented Algorithm for Real-Time Filtering of Poisson Noise in Video Streams, with Application to X-Ray Fluoroscopy",
    JOURNAL = "Circuits, Systems, and Signal Processing",
    YEAR = "2019",
    MONTH = "1",
    DOI = "10.1007/s00034-018-01020-x"
}

@ARTICLE{soa:xin,
    AUTHOR = "Xin Tan and Yu Liu and Chenglin Zuo and Maojun Zhang",
    TITLE = "A Real-time Video Denoising Algorithm with FPGA Implementation for Poisson-Gaussian Noise",
    JOURNAL = "J Real-Time Image Proc",
    YEAR = "2014",
    MONTH = "2",
    DOI = "10.1007/s11554-014-0405-2"
}

@ARTICLE{pdf:marcin,
    AUTHOR = {Marcin Kowalczyk and Dominika Przewlocka and Tomasz Krvjak},
    TITLE = "Real-Time Implementation of Contextual Image Processing Operations for 4K Video Stream in Zynq UltraScale+ MPSoC",
    JOURNAL = "2018 Conference on Design and Architectures for Signal and Image Processing (DASIP)",
    YEAR = "2018",
    MONTH = "10",
    DOI = "10.1109/DASIP.2018.8597105"
}

@ARTICLE{pdf:ching,
    AUTHOR = "Ching-Chung Yang",
    TITLE = "Finest Image Sharpening by Sse of the Modified Mask Filter Dealing with Highest Spatial Frequencies",
    JOURNAL = "OPTIK",
    YEAR = "2013",
    MONTH = "9",
    DOI = "10.1016/j.ijleo.2013.09.070"
}

@ARTICLE{pdf:jingbo,
    AUTHOR = "Xu Jingbo and Liu Bo and Lin Haijun and Li Jianxin",
    TITLE = "A New Method for Realizing LOG Filter in Image Edge Detection",
    JOURNAL = "The 6th International Forum on Strategic Technology",
    YEAR = "2011",
    MONTH = "8",
    DOI = "10.1109/IFOST.2011.6021127"
}

@ARTICLE{pdf:pavan,
    AUTHOR = {Pavan C. Madhusudana and Neil Birkbeck and Yilin Wang; Balu Adsumilli and Alan C. Bovik},
    TITLE = "Capturing Video Frame Rate Variations via Entropic Differencing",
    JOURNAL = "IEEE Signal Processing Letters",
    VOLUME = {27},
    YEAR = {2020},
    PAGES={1809-1813},
    DOI={10.1109/LSP.2020.3028687}
}

@INPROCEEDINGS{pdf:chang,
    author={Andre Xian Ming Chang and Eugenio Culurciello},
    booktitle={2017 IEEE International Symposium on Circuits and Systems (ISCAS)},
    title={Hardware accelerators for recurrent neural   networks on FPGA},
    year={2017},
    volume={},
    number={},
    pages={1-4},
    doi={10.1109/ISCAS.2017.8050816}
}

@INPROCEEDINGS{lb:cong,
    author = {Cong, Jason and Fang, Zhenman and Lo, Michael and Wang, Hanrui and Xu, Jingxian and Zhang, Shaochong},
    title = {Understanding Performance Differences of FPGAs and GPUs},
    year = {2018},
    isbn = {9781450356145},
    publisher = {Association for Computing Machinery},
    address = {New York, NY, USA},
    url = {https://doi.org/10.1145/3174243.3174970},
    doi = {10.1145/3174243.3174970},
    booktitle = {Proceedings of the 2018 ACM/SIGDA International Symposium on Field-Programmable Gate Arrays},
    pages = {288},
    numpages = {1},
    location = {Monterey, CALIFORNIA, USA},
    series = {FPGA '18}
}

@INPROCEEDINGS{lb:asano,
    author= "Shuichi Asano and Tsutomu Maruyama and Yoshiki Yamaguchi",
    booktitle={2009 International Conference on Field Programmable Logic and Applications},
    title={Performance comparison of FPGA, GPU and CPU in image processing},
    year={2009},
    pages={126-131},
    doi={10.1109/FPL.2009.5272532}
}
