@inproceedings{karim2018sistem,
  title={Sistem Informasi Pendataan Penduduk Kelurahan Kampung Mesjid Berbasis Web},
  author={Karim, Abdul and others},
  booktitle={Seminar Nasional Sains dan Teknologi Informasi (SENSASI)},
  volume={1},
  number={1},
  year={2018}
}
