@article{Ricky Nur Oktavianto_Abdul Jalil2_Antomy Amsyah3_Bagas Dwi Julianto_Deni Sya’ad Ramdhani_Eddion Pratama Saputra_Egi Kurnianto_Fulki Subhan_Muhammad Virzy Ardiansyah_Ricky Nur Oktavianto10_2022, title={PENGENALAN SERTA PELATIHAN BAHASA DASAR PEMOGRAMAN WEB (HTML DAN CSS) KEPADA KARANG TARUNA KEL.KEDAUNG KALIANGKE, CENGKARENG, JAKBAR: PENGENALAN SERTA PELATIHAN BAHASA DASAR PEMOGRAMAN WEB (HTML DAN CSS) KEPADA KARANG TARUNA KEL.KEDAUNG KALIANGKE, CENGKARENG, JAKBAR}, volume={1}, url={https://journal.mediapublikasi.id/index.php/amma/article/view/1}, abstractNote={&amp;lt;p&amp;gt;The implementation of these activities and learning is related to the application of the benefits of internet science and technology. Through this community service activity, it is targeted to provide benefits for Children or Youth. The provision of learning insights and knowledge carried out by students is to build Wise Children or Youth in using and utilizing the Internet by providing materials and discussions. The training activities contain knowledge or learning materials, application and examples, and questions and answers.&amp;lt;/p&amp;gt;}, number={01}, journal={AMMA : Jurnal Pengabdian Masyarakat}, author={Ricky Nur Oktavianto and Abdul Jalil2 and Antomy Amsyah3 and Bagas Dwi Julianto and Deni Sya’ad Ramdhani and Eddion Pratama Saputra and Egi Kurnianto and Fulki Subhan and Muhammad Virzy Ardiansyah and Ricky Nur Oktavianto10}, year={2022}, month={Feb.}, pages={8–12} }