@article{panjaitan2021perancangan,
  title={Perancangan Sistem E-Reporting Menggunakan ReactJS dan Firebase},
  author={Panjaitan, Jeremy and Pakpahan, Andrew Fernando},
  journal={Jurnal Teknik Informatika Dan Sistem Informasi},
  volume={7},
  number={1},
  year={2021}
}
