@article{musyaffa2024rancang,
  title={Rancang Bangun Purecompute Platform E-Commerce Untuk Belanja Laptop Berbasis Website},
  author={Musyaffa, Ahmad Irfan and Zulfa, Mulki Indana and Alim, Muhammad Syaiful},
  journal={Jurnal SINTA: Sistem Informasi dan Teknologi Komputasi},
  volume={1},
  number={1},
  pages={21--29},
  year={2024}
}
