@article{setiawan2022komparasi,
  title={Komparasi Kinerja Integrated Development Environment (IDE) Dalam Mengeksekusi Perintah Python},
  author={Setiawan, Ismail},
  journal={SATESI: Jurnal Sains Teknologi dan Sistem Informasi},
  volume={2},
  number={1},
  pages={52--59},
  year={2022}
}
