@article{wahid2020analisis,
  title={Analisis metode waterfall untuk pengembangan sistem informasi},
  author={Wahid, Aceng Abdul},
  journal={J. Ilmu-ilmu Inform. dan Manaj. STMIK, no. November},
  volume={1},
  number={1},
  pages={1--5},
  year={2020}
}
